<record><leader>00000cas a22000007a 4500</leader><controlfield tag="001">1764832</controlfield><controlfield tag="008">751101d18951uuumnumr ne      0    0eng d</controlfield><controlfield tag="009">501</controlfield><datafield ind1=" " ind2=" " tag="010"><subfield code="a">sn 90060930 </subfield></datafield><datafield ind1=" " ind2=" " tag="040"><subfield code="a">MUL</subfield><subfield code="b">eng</subfield><subfield code="c">MUL</subfield><subfield code="d">MN#</subfield></datafield><datafield ind1="1" ind2=" " tag="029"><subfield code="a">AU@</subfield><subfield code="b">000025849892</subfield></datafield><datafield ind1=" " ind2=" " tag="042"><subfield code="a">msc</subfield></datafield><datafield ind1=" " ind2=" " tag="043"><subfield code="a">n-us-mn</subfield></datafield><datafield ind1=" " ind2=" " tag="052"><subfield code="a">4144</subfield><subfield code="b">S4</subfield></datafield><datafield ind1="0" ind2="4" tag="245"><subfield code="a">The anchor and shield.</subfield></datafield><datafield ind1="0" ind2="0" tag="246"><subfield code="a">A.O.U.W. anchor and shield</subfield></datafield><datafield ind1=" " ind2=" " tag="260"><subfield code="a">St. Paul, Minn. :</subfield><subfield code="b">Anchor and Shield Pub. Co.,</subfield><subfield code="c">1895-</subfield></datafield><datafield ind1=" " ind2=" " tag="300"><subfield code="a">v.</subfield></datafield><datafield ind1=" " ind2=" " tag="310"><subfield code="a">Monthly,</subfield><subfield code="b">May 6, 1897-&lt;Mar. 22, 1898&gt;</subfield></datafield><datafield ind1=" " ind2=" " tag="321"><subfield code="a">Weekly,</subfield><subfield code="b">Feb. 14, 1895-Apr. 1, 1897</subfield></datafield><datafield ind1="0" ind2=" " tag="362"><subfield code="a">Vol. 1, no. 1 (Feb. 14, 1895)-</subfield></datafield><datafield ind1=" " ind2=" " tag="500"><subfield code="a">"A.O.U.W." appears in masthead ornament.</subfield></datafield><datafield ind1=" " ind2=" " tag="530"><subfield code="a">Available on microfilm from the Minnesota Historical Society.</subfield></datafield><datafield ind1=" " ind2=" " tag="550"><subfield code="a">Official paper of: A.O.U.W. and Degree of Honor, Jurisdiction of Minnesota, Apr. 16, 1896-&lt;Mar. 22, 1898&gt;.</subfield></datafield><datafield ind1="2" ind2="0" tag="610"><subfield code="a">Ancient Order of United Workmen.</subfield><subfield code="b">Jurisdiction of Minnesota</subfield><subfield code="v">Periodicals.</subfield></datafield><datafield ind1="2" ind2="0" tag="610"><subfield code="a">Ancient Order of United Workmen</subfield><subfield code="z">Minnesota</subfield><subfield code="v">Periodicals.</subfield></datafield><datafield ind1="2" ind2="0" tag="610"><subfield code="a">Degree of Honor Protective Association.</subfield><subfield code="b">Jurisdiction of Minnesota</subfield><subfield code="v">Periodicals.</subfield></datafield><datafield ind1="2" ind2="0" tag="610"><subfield code="a">Degree of Honor Protective Association</subfield><subfield code="z">Minnesota</subfield><subfield code="v">Periodicals.</subfield></datafield><datafield ind1="2" ind2=" " tag="710"><subfield code="a">Ancient Order of United Workmen.</subfield><subfield code="b">Jurisdiction of Minnesota.</subfield></datafield><datafield ind1="2" ind2=" " tag="710"><subfield code="a">Degree of Honor Protective Association.</subfield><subfield code="b">Jurisdiction of Minnesota.</subfield></datafield></record>